@misc{RC17,
	title = {Robocup Logistics League - Rules and Regulations 2017},
	author = {Deppe and Karras and Neumann and Niemueller and et al},
          year = {2017},
	month = {03}
}

@misc{JOSER,
   title={"The SmartMDSD Toolchain: An Integrated MDSD Workflow and Integrated Development Environment (IDE) for Robotics Software". Special Issue on Domain-Specific Languages and Models in Robotics, Journal of Software Engineering for Robotics (JOSER), 7(1), 3-19 ISSN: 2035-3928, July 2016.},
   author={Stampfer, Dennis and Lotz, Alex and Lutz, Matthias and Schlegel, Christian},
   url={www.joser.org}, 
   journal={Journal of Software Engineering for Robotics (JOSER), 7(1), 3-19 ISSN: 2035-3928, July 2016}
}

@misc{SSM,
  title = {SmartSoft Manual - Homepage},
  url = {http://www.servicerobotik-ulm.de/drupal/?q=node/86},
  note = {Accessed: 2018-03-01}
}

@misc{TR17,
	title = {Technical Report},
	author = {Bretecher, A and Franzreb, P. and Goetz, M and Unger, F.},
	year = {2017},
	month = {09}
}

@misc{BOK,
	title = {Book of Knowledge},
	author = { B\"ahr, M. and  Beyrle, G. and Hauch, J. and Loskutov, A. and Simsek, U. },
	year = {2016},
	month = {08}
}
